@ARTICLE{3312,
  author={Fenton, Michael and McNally, Ciaran and Byrne, Jonathan and Hemberg, Erik and McDermott, James and O’Neill, Michael},
  journal={IEEE Transactions on Evolutionary Computation}, 
  title={Discrete Planar Truss Optimization by Node Position Variation Using Grammatical Evolution}, 
  year={2016},
  volume={20},
  number={4},
  pages={577-589},
  doi={10.1109/TEVC.2015.2502841}}
@ARTICLE{bb,
  author={Park, Sumin and Bae, Jangho and Lee, Seohyeon and Yim, Mark and Kim, Jongwon and Seo, TaeWon},
  journal={IEEE Robotics and Automation Letters}, 
  title={Polygon-Based Random Tree Search Planning for Variable Geometry Truss Robot}, 
  year={2020},
  volume={5},
  number={2},
  pages={813-819},
  doi={10.1109/LRA.2020.2965871}}

@unpublished{william-bondin,
    author ={William Bondin},
    title = {MORPHs},
    note = {\href{https://vimeo.com/user16010993}{https://vimeo.com/user16010993}, \href{https://www.youtube.com/WilliamBondin}{https://www.youtube.com/WilliamBondin} }
}

@unpublished{extended,
    author ={Grasp Lab},
    title = {Variable Topology Trusses (VTT)},
    note = {\href{https://www.grasp.upenn.edu/projects/variable-topology-trusses-vtt/}{https://www.grasp.upenn.edu/projects/variable-topology-trusses-vtt/}}
}

@unpublished{Guan,
    author ={Runing Guan},
    title = {Variable Topology Trusses (VTT)},
    note = {\href{https://runingguan.com/portfolio/vtt}{https://runingguan.com/portfolio/vtt}}
}

@unpublished{SHAPE,
    author ={Stanford SHAPE Lab},
    title = {An untethered isoperimetric soft robot},
    note = {\href{https://shape.stanford.edu/}{https://shape.stanford.edu/}}
}


@INPROCEEDINGS{Usevitch,
  author={Usevitch, Nathan and Hammond, Zachary and Follmer, Sean and Schwager, Mac},
  booktitle={2017 IEEE/RSJ International Conference on Intelligent Robots and Systems (IROS)}, 
  title={Linear actuator robots: Differential kinematics, controllability, and algorithms for locomotion and shape morphing}, 
  year={2017},
  volume={},
  number={},
  pages={5361-5367},
  doi={10.1109/IROS.2017.8206431}}

@article{10.1016/S0168-874X(99)00041-4,
author = {Avil\'{e}s, Rafael and Ajuria, Goizalde and Amezua, Enrique and G\'{o}mez-Garay, Vicente},
title = {A Finite Element Approach to the Position Problems in Open-Loop Variable Geometry Trusses},
year = {2000},
issue_date = {Feb. 2000},
publisher = {Elsevier Science Publishers B. V.},
address = {NLD},
volume = {34},
number = {3–4},
issn = {0168-874X},
url = {https://doi.org/10.1016/S0168-874X(99)00041-4},
doi = {10.1016/S0168-874X(99)00041-4},
journal = {Finite Elem. Anal. Des.},
month = {feb},
pages = {233–255},
numpages = {23},
keywords = {kinematic analysis, static equilibrium, variable geometry truss, multibody systems}
}

@ARTICLE{9669032,
  author={Spinos, Alexander and Yim, Mark},
  journal={IEEE Robotics and Automation Letters}, 
  title={A Linking Invariant for Truss Robot Motion Planning}, 
  year={2022},
  volume={7},
  number={2},
  pages={1424-1430},
  doi={10.1109/LRA.2021.3139941}}



@inproceedings{10.1145/3448326.3448332,
author = {L. Read, Robert and Baskaran, Avinash},
title = {Controlling a Variable Geometry Truss Tetrobot with an Isomorphic Puppet Controller},
year = {2021},
isbn = {9781450389266},
publisher = {Association for Computing Machinery},
address = {New York, NY, USA},
url = {https://doi.org/10.1145/3448326.3448332},
doi = {10.1145/3448326.3448332},
booktitle = {2020 2nd International Conference on Artificial Intelligence, Robotics and Control},
pages = {38–42},
numpages = {5},
keywords = {Variable Geometry Truss, Tetrahelix, Telepresence, Snake-like robots, Robots},
location = {Cairo, MN, Egypt},
series = {AIRC'20}
}

@ARTICLE{8610002,
  author={Park, Sumin and Park, Eugene and Yim, Mark and Kim, Jongwon and Seo, Tae Won},
  journal={IEEE Robotics and Automation Letters}, 
  title={Optimization-Based Nonimpact Rolling Locomotion of a Variable Geometry Truss}, 
  year={2019},
  volume={4},
  number={2},
  pages={747-752},
  doi={10.1109/LRA.2019.2892596}}

@ARTICLE{9477154,
  author={Bae, Jangho and Park, Sumin and Yim, Mark and Seo, TaeWon},
  journal={IEEE Robotics and Automation Letters}, 
  title={Polygon-Based Random Tree Search Algorithm for a Size-Changing Robot}, 
  year={2022},
  volume={7},
  number={3},
  pages={8100-8105},
  doi={10.1109/LRA.2021.3095026}}


@article{Lipson2000,
  title = {Automatic design and manufacture of robotic lifeforms},
  volume = {406},
  ISSN = {1476-4687},
  url = {http://dx.doi.org/10.1038/35023115},
  DOI = {10.1038/35023115},
  number = {6799},
  journal = {Nature},
  publisher = {Springer Science and Business Media LLC},
  author = {Lipson,  Hod and Pollack,  Jordan B.},
  year = {2000},
  month = aug,
  pages = {974–978}
}

@ARTICLE{10167528,
  author={Whitman, Julian and Travers, Matthew and Choset, Howie},
  journal={IEEE Transactions on Robotics}, 
  title={Learning Modular Robot Control Policies}, 
  year={2023},
  volume={39},
  number={5},
  pages={4095-4113},
  keywords={Robots;Legged locomotion;Robot kinematics;Training;Neural networks;Trajectory optimization;Task analysis;Cellular and modular robots;deep learning in robotics and automation;legged robots;model learning for control},
  doi={10.1109/TRO.2023.3284362}}

@INPROCEEDINGS{9981749,
  author={Jia, Yuanyuan and Ma, Shugen},
  booktitle={2022 IEEE/RSJ International Conference on Intelligent Robots and Systems (IROS)}, 
  title={Distributed Coach-Based Reinforcement Learning Controller for Snake Robot Locomotion}, 
  year={2022},
  volume={},
  number={},
  pages={1231-1238},
  keywords={Training;Deep learning;Uncertainty;Snake robots;Redundancy;Stochastic processes;Estimation},
  doi={10.1109/IROS47612.2022.9981749}}

@INPROCEEDINGS{9517436,
  author={Qiu, Ke and Zhang, Hang and Lv, Yikai and Wang, Yunkai and Zhou, Chunlin and Xiong, Rong},
  booktitle={2021 IEEE International Conference on Real-time Computing and Robotics (RCAR)}, 
  title={Reinforcement Learning of Serpentine Locomotion for a Snake Robot}, 
  year={2021},
  volume={},
  number={},
  pages={468-473},
  keywords={Couplings;Snake robots;Redundancy;Reinforcement learning;Differential equations;Robot sensing systems;Real-time systems},
  doi={10.1109/RCAR52367.2021.9517436}}

@misc{shi2020circus,
      title={Circus ANYmal: A Quadruped Learning Dexterous Manipulation with Its Limbs}, 
      author={Fan Shi and Timon Homberger and Joonho Lee and Takahiro Miki and Moju Zhao and Farbod Farshidian and Kei Okada and Masayuki Inaba and Marco Hutter},
      year={2020},
      eprint={2011.08811},
      archivePrefix={arXiv},
      primaryClass={cs.RO}
}